<?xml version="1.0" encoding="UTF-8"?><collection><record><leader>07942ntm a2200601 a 4500</leader><controlfield tag="001">006768795</controlfield><controlfield tag="003">MiAaHDL</controlfield><controlfield tag="005">20190719000000.0</controlfield><controlfield tag="006">m        d        </controlfield><controlfield tag="007">cr bn ---auaua</controlfield><controlfield tag="008">090506s1698    tu            00| ||ara d</controlfield><datafield tag="035" ind1=" " ind2=" "><subfield code="a">(MiU)006768795</subfield></datafield><datafield tag="035" ind1=" " ind2=" "><subfield code="a">sdr-miu006768795</subfield></datafield><datafield tag="040" ind1=" " ind2=" "><subfield code="a">MiU</subfield><subfield code="c">MiU</subfield><subfield code="e">amremm</subfield></datafield><datafield tag="041" ind1="0" ind2=" "><subfield code="a">ara</subfield><subfield code="a">ota</subfield></datafield><datafield tag="043" ind1=" " ind2=" "><subfield code="a">n-us-mi</subfield></datafield><datafield tag="245" ind1="0" ind2="0"><subfield code="6">880-03</subfield><subfield code="a">[Sharḥ al-ʻAwāmil,</subfield><subfield code="f">1109, i.e. 1698].</subfield></datafield><datafield tag="246" ind1="3" ind2=" "><subfield code="i">Title from opening on p.():</subfield><subfield code="a">الدرنوج</subfield></datafield><datafield tag="260" ind1=" " ind2=" "><subfield code="a">[Erzurum,</subfield><subfield code="c">1698].</subfield></datafield><datafield tag="300" ind1=" " ind2=" "><subfield code="a">223 leaves :</subfield><subfield code="b">paper ;</subfield><subfield code="c">209 x 140 (135 x 55) mm. bound to 209 x 146 mm.</subfield></datafield><datafield tag="500" ind1=" " ind2=" "><subfield code="a">Shelfmark: Ann Arbor, University of Michigan, Special Collections Library, Isl. Ms. 137</subfield></datafield><datafield tag="500" ind1=" " ind2=" "><subfield code="a">Origin: As appears in colophons on p.135, p.270, and p.457, copied by Ismāʻīl ibn ʻUmar Abīʻzādah (İsmail Ömer Abizade) in Erzurum. Transcription finished in Dhū al-Qaʹdah and Dhū al-Ḥijjah 1109 [May-July 1698].</subfield></datafield><datafield tag="500" ind1=" " ind2=" "><subfield code="a">Accompanying materials: Slips carrying notes inserted (paginated pp.75-76, pp.197-198, pp.379-380).</subfield></datafield><datafield tag="500" ind1=" " ind2=" "><subfield code="a">Former shelfmark: British Museum, London "No. 92. Sharh al-awamil."</subfield></datafield><datafield tag="500" ind1=" " ind2=" "><subfield code="a">Binding: Pasteboards once covered in marbled paper (in yellow, light green, and pink ; see envelope flap) with dark red leather over spine, fore-edge flap, and edges/turn-ins ; Type II binding (with flap) ; board linings in laid paper ; sewn in dark blue thread, two stations ; worked endbands in red and cream, tailband in good condition, tailband damaged with core exposed ; overall in poor condition with flap entirely lost, significant abrasion, lifting and losses of paper and leather (especially foreedge flap), delamination of boards, staining, moisture damage, etc.</subfield></datafield><datafield tag="500" ind1=" " ind2=" "><subfield code="a">Support: European laid paper with 11 laid lines per cm. (vertical) and chain lines spaced 27 mm. apart (horizontal) ; sturdy and well-burnished ; watermark difficult to examine but appears to include a line of wreath or scrollwork ; two quires in a different European laid paper with 11 laid lines per cm. (vertical), chain lines spaced 28 mm. apart (horizontal), and double-headed eagle watermark ; dark cream and crisp but sturdy.</subfield></datafield><datafield tag="500" ind1=" " ind2=" "><subfield code="a">Decoration: Keywords rubricated ; overlining in red.</subfield></datafield><datafield tag="500" ind1=" " ind2=" "><subfield code="a">Script: Naskh ; clear and compact Turkish hand ; virtually serifless though occasional stray head-serif appears on lām or alif of lām alif ligature ; slight effect of tilt to the left ; many closed counters ; mainly tapered descenders ; kāf mashkūlah (mashqūqah) preferred ; alif maqṣūrah and final yāʼ often mardūdah ; freely ligatured with final hāʼ often joined preceding rāʼ, dāl, etc.</subfield></datafield><datafield tag="500" ind1=" " ind2=" "><subfield code="a">Layout: Written in 17 lines per page ; frame-ruled.</subfield></datafield><datafield tag="500" ind1=" " ind2=" "><subfield code="a">Collation: i, 6 V(60), III (66), I (68), 6 V(128), II+1 (133), I (135), V (145), VIII (161), 6 V(221), I (223), i ; chiefly quinions ; catchwords present ; pagination in pencil, Western numerals, supplied during digitization (includes flyleaves and inserts, skips two pages between pp.441-442).</subfield></datafield><datafield tag="500" ind1=" " ind2=" "><subfield code="a">Colophon: [1] "Scribal," triangular, reads: "تمت الكتاب بعون الملك الوهاب على يد اضعف العباد واحقر الطلاب اسماعيل بن عمر الملقب بابى زاده غفر الله له ولوالديه واحسن اليهما واليه في شهر ذي القعدة في يوم السبت في سنة تسع ومائة والف من هجرة من له العز والشرف تمت تم تم تم في وقت قبيل العصر في بلدة ارزن الروم ... في محل دار اغا جى تمت; [2] "Scribal," triangular, reads: "تمت الكتاب بعون الملك الوهاب على يد اضعف العباد واحقر الطلاب اسماعيل بن عمر الملقب بابى زاده غفر الله له ولوالديه واحسن اليهما واليه في يوم الثلثاء في شهر ذي القعدة في سنة تسع ومائة والف من هجرة من له العز والشرف تم تم تم" ; [3] "Scribal," triangular, reads: "تمت الكتاب بعون الله الملك الوهاب على يد اضعف العباد و احقر الطلاب اسماعيل بن عمر الملقب بابي زاده غفر الله له ولوالديها واحسن اليهما واليه في وقت الظهر في يوم الاحد في شهر ذي الحجة في سنة تسع ومائة والف من هجرة من له العز والشرف في بلدة ارزن الروم ... في محلة دار اغاجى اللهم احفظنا من شرور انفسنا يا رب العالمين برحمتك يا ارحم الراحمين تمت تم تم تم"</subfield></datafield><datafield tag="500" ind1=" " ind2=" "><subfield code="a">Incipit: "الحمد لمن وجب علينا ثناؤه ... وبعد فاني لما رأيت الطالبين يطلبون شرحا للعوامل الشيخ الامام عبد القاهر يجل اعرابها اردت ان ابين اعرابها بقدر طاقتي ... وسميته بالدرنوج [؟] وما توفيقي الا بالله ..."</subfield></datafield><datafield tag="500" ind1=" " ind2=" "><subfield code="a">Title supplied by cataloguer.</subfield></datafield><datafield tag="500" ind1=" " ind2=" "><subfield code="a">Ms. codex.</subfield></datafield><datafield tag="505" ind1="0" ind2=" "><subfield code="a">5. p.278-p.457 : "... اما بعد فهذه كلمات مفهومات فهمنا من كلام الشراح لمتون النحو ... ".</subfield></datafield><datafield tag="505" ind1="0" ind2=" "><subfield code="a">4. p.271-p.277 : [blank].</subfield></datafield><datafield tag="505" ind1="0" ind2=" "><subfield code="a">3. p.142-p.270 : "با حرف جر اسم لفظا مجرور مجرود يدر بانك مضاف اولمش ...".</subfield></datafield><datafield tag="505" ind1="0" ind2=" "><subfield code="a">2. p.136-p.141 : [blank].</subfield></datafield><datafield tag="505" ind1="0" ind2=" "><subfield code="a">1. p.4-p.135 : "الحمد لمن وجب علينا ثناؤه ... وبعد فاني لما رأيت الطالبين يطلبون شرحا للعوامل ... اردت ان ابين اعرابها ... وسميتها بالدرنوج [؟]".</subfield></datafield><datafield tag="510" ind1="4" ind2=" "><subfield code="a">Brockelmann, C. GAL,</subfield><subfield code="c">I, 288</subfield></datafield><datafield tag="520" ind1="8" ind2=" "><subfield code="a">Clear copy of a collection of three anonymous commentaries on ʻAbd al-Qāhir ibn ʻAbd al-Raḥmān al-Jurjānī's (d.1078?) al-ʻAwāmil al-miʼah, on Arabic syntax, with the first commentary providing iʻrāb and the second in Turkish. Text of the matn is included with each.</subfield></datafield><datafield tag="538" ind1=" " ind2=" "><subfield code="a">Mode of access: Internet.</subfield></datafield><datafield tag="541" ind1=" " ind2=" "><subfield code="c">Purchase ;</subfield><subfield code="a">Acquired by purchase (funds donated by Horace Rackham).</subfield><subfield code="d">1924.</subfield></datafield><datafield tag="546" ind1=" " ind2=" "><subfield code="a">Arabic and Ottoman Turkish.</subfield></datafield><datafield tag="561" ind1=" " ind2=" "><subfield code="a">Bookplate of British Museum, London on interior of upper cover, "British Museum, London. No. 92. Sharh al-awamil." ; circular seal impression with figure of goat/gazelle in purple ink as well as inscription "190" in Western numerals on front flyleaf (p.1) ; on paper (blue-tinted) pasted on 'title page' (p.3), a detailed waqf statement in the name of al-Sayyid ʻAbd Allāh Adīb (Abdullah Edip), known as Jannatʹzādah (Cennet-zade), qāḍī of Erzurum, accompanied by his seal, reads: "وقفت وقفا صحيحا شرعيا بشرط ان لا يخرج من بيت الكتب الملتصق بداري الا لعلماء سكنوا بارضروم بكفيل مرعى اورهن قوي وانا الفقير السيد عبد الله اديب الشهير بجنت زاده القاضي بمدينة ارضروم في اثنى وستين ومائتين والف" ; marginal glosses and corrections.</subfield></datafield><datafield tag="600" ind1="1" ind2="0"><subfield code="a">Jurjānī, ʻAbd al-Qāhir ibn ʻAbd al-Raḥmān,</subfield><subfield code="d">-1078?</subfield><subfield code="t">ʻAwāmil al-miʼah.</subfield></datafield><datafield tag="650" ind1=" " ind2="0"><subfield code="a">Manuscripts, Arabic</subfield><subfield code="z">Michigan</subfield><subfield code="z">Ann Arbor.</subfield></datafield><datafield tag="650" ind1=" " ind2="0"><subfield code="a">Arabic language</subfield><subfield code="x">Grammar</subfield><subfield code="v">Early works to 1800.</subfield></datafield><datafield tag="700" ind1="1" ind2="2"><subfield code="6">880-05</subfield><subfield code="a">Jurjānī, ʻAbd al-Qāhir ibn ʻAbd al-Raḥmān,</subfield><subfield code="d">-1078?</subfield><subfield code="t">ʻAwāmil al-miʼah.</subfield></datafield><datafield tag="700" ind1="0" ind2=" "><subfield code="6">880-04</subfield><subfield code="a">İsmail Ömer Abizade,</subfield><subfield code="d">fl. 1698,</subfield><subfield code="e">scribe.</subfield></datafield><datafield tag="773" ind1="0" ind2=" "><subfield code="a">Tiflis Collection.</subfield></datafield><datafield tag="880" ind1="1" ind2="2"><subfield code="6">700-05/</subfield><subfield code="a">جرجاني، عبد القاهر بن عبد الرحمن.</subfield><subfield code="t">عوامل المئة.</subfield></datafield><datafield tag="880" ind1="0" ind2=" "><subfield code="6">700-04/</subfield><subfield code="a">اسماعيل عمر ابى زاده،</subfield><subfield code="e">ناسخ.</subfield></datafield><datafield tag="880" ind1="0" ind2="0"><subfield code="6">245-03/</subfield><subfield code="a">[شرح العوامل,</subfield><subfield code="f">1109ه, 1698م].</subfield></datafield><datafield tag="CID" ind1=" " ind2=" "><subfield code="a">006768795</subfield></datafield><datafield tag="DAT" ind1="0" ind2=" "><subfield code="a">20190719102635.0</subfield><subfield code="b">20190719000000.0</subfield></datafield><datafield tag="DAT" ind1="1" ind2=" "><subfield code="a">20190719090653.0</subfield><subfield code="b">2019-07-19T16:11:19Z</subfield></datafield><datafield tag="DAT" ind1="2" ind2=" "><subfield code="a">2015-10-02T18:00:03Z</subfield></datafield><datafield tag="CAT" ind1=" " ind2=" "><subfield code="a">SDR-MIU</subfield><subfield code="d">EX LIBRIS - ALEPH</subfield><subfield code="l">prepare.pl-004-008</subfield></datafield><datafield tag="FMT" ind1=" " ind2=" "><subfield code="a">BK</subfield></datafield><datafield tag="HOL" ind1=" " ind2=" "><subfield code="0">sdr-miu006768795</subfield><subfield code="a">MiU</subfield><subfield code="b">SDR</subfield><subfield code="c">MIU</subfield><subfield code="p">mdp.39015079125145</subfield><subfield code="s">MIU</subfield><subfield code="1">006768795</subfield></datafield><datafield tag="974" ind1=" " ind2=" "><subfield code="b">MIU</subfield><subfield code="c">MIU</subfield><subfield code="d">20190719</subfield><subfield code="s">lit-dlps-dc</subfield><subfield code="u">mdp.39015079125145</subfield><subfield code="y">1698</subfield><subfield code="r">pd</subfield><subfield code="q">bib</subfield><subfield code="t">non-US bib date1 &lt; 1896</subfield></datafield></record></collection>